@misc{manual,
  Title={\textlatin{Linux Programmer's Manual}},
  author = {\textlatin{Michael Kerrisk}},
  note = {\textlatin{\url{http://man7.org/linux/man-pages/dir_all_alphabetic.html}}}
}
